<record><leader>00000cas a22000007a 4500</leader><controlfield tag="001">35640700</controlfield><controlfield tag="008">960926d19471958txudr ne      0    0eng d</controlfield><datafield ind1=" " ind2=" " tag="010"><subfield code="a">sn 96092513 </subfield></datafield><datafield ind1=" " ind2=" " tag="040"><subfield code="a">PPM</subfield><subfield code="b">eng</subfield><subfield code="c">PPM</subfield><subfield code="d">OCLCQ</subfield></datafield><datafield ind1=" " ind2=" " tag="042"><subfield code="a">msc</subfield></datafield><datafield ind1="0" ind2=" " tag="130"><subfield code="a">Daily journal (Commerce, Tex. : 1947)</subfield></datafield><datafield ind1="1" ind2="4" tag="245"><subfield code="a">The daily journal.</subfield></datafield><datafield ind1=" " ind2=" " tag="260"><subfield code="a">Commerce, Hunt Co., Tex. :</subfield><subfield code="b">Carly Hyatt &amp; W.R. Latson</subfield></datafield><datafield ind1=" " ind2=" " tag="300"><subfield code="a">v.</subfield></datafield><datafield ind1=" " ind2=" " tag="310"><subfield code="a">Weekly</subfield></datafield><datafield ind1="0" ind2=" " tag="362"><subfield code="a">Vol. 32, no. 44 (Oct. 2, 1947)-v. 43, no. 107 (May 30, 1958).</subfield></datafield><datafield ind1=" " ind2=" " tag="752"><subfield code="a">United States</subfield><subfield code="b">Texas</subfield><subfield code="c">Hunt</subfield><subfield code="d">Commerce.</subfield></datafield><datafield ind1="0" ind2=" " tag="775"><subfield code="t">Commerce weekly farm journal</subfield><subfield code="w">(DLC)sn 86088610</subfield></datafield><datafield ind1="0" ind2="0" tag="780"><subfield code="t">Sunday journal (Commerce, Tex.)</subfield><subfield code="w">(DLC)sn 86088611</subfield></datafield><datafield ind1="0" ind2="7" tag="785"><subfield code="t">Commerce weekly farm journal</subfield><subfield code="w">(DLC)sn 86088610</subfield></datafield><datafield ind1="0" ind2="7" tag="785"><subfield code="t">Commerce journal (Commerce, Tex. : 1958)</subfield><subfield code="w">(DLC)sn 96092512</subfield></datafield><datafield ind1="1" ind2=" " tag="029"><subfield code="a">AU@</subfield><subfield code="b">000023626088</subfield></datafield></record>